@string{NSDI = "USENIX Symposium on Networked Systems Design and Implementation"}
@string{SoCC = "ACM Symposium on Cloud Computing"}
@string{HotStorage = "USENIX Workshop on Hot Topics in Storage and File Systems"}

@inproceedings{tritonsort,
   author = "Alexander Rasmussen and George Porter and Michael Conley and Harsha V. Madhyastha and Radhika Niranjan Mysore and Alexander Pucher and Amin Vahdat",
   title = {{TritonSort: A Balanced Large-Scale Sorting System}},
   booktitle = NSDI,
   year = {2011}
}

@inproceedings{themis,
author = "Alexander Rasmussen and Michael Conley and Rishi Kapoor and Vinh The
    Lam and George Porter and Amin Vahdat",
title = {{Themis: An I/O-Efficient MapReduce}},
booktitle = SoCC,
year = {2012}
}

@misc{jay-parikh-slideshow,
title = {{Big Data Whiteboard - 082212}},
author = {{Jay Parikh}},
howpublished={\url{http://www.scribd.com/doc/103621762/Big-Data-Whiteboard-082212}}
}

@book{fourth-paradigm,
title={{The Fourth Paradigm: Data-Intensive Scientific Discovery}},
author={Tony Hey and Stewart Tansley and Kristin Tolle},
year={2009},
publisher={Microsoft Corporation}
}

@article{economist-data-data-everywhere,
author={},
journal={{The Economist}},
title={{Data, data everywhere}},
year={2010},
month={{February}},
key={economist}
}

@misc{worldwidewebsize,
author={{Maurice de Kunder}},
title={{WorldWideWebSize.com | The Daily Estimated Size of the World Wide Web}},
howpublished={\url{http://www.worldwidewebsize.com/}},
}

@techreport{mckinsey-co2-study,
title={{Data centers: How to cut carbon emissions \textit{and} costs}},
year={2008},
author={William Forrest and James Kaplan and Noah Kindler},
institution={{McKinsey and Company}}
}

@misc{google-dc-power-blog,
title={More renewable energy for our data centers},
author={Gary Demasi},
howpublished={\url{http://googleblog.blogspot.com/2012/09/more-renewable-energy-for-our-data.html}},
year={2012}
}

@misc{facebook-ipo,
title={{Facebook, Inc. Form S-1 Registration Statement}},
author={{United States Securities and Exchange Commission}},
year={{2012}},
month={February}
}

@misc{hadoop-sort-2009,
title={{Winning a 60 Second Dash with a Yellow Elephant}},
author={Owen {O'Malley} and Arun C. Murthy},
institution={Yahoo!},
howpublished={\url{http://sortbenchmark.org/Yahoo2009.pdf}}
}

@inproceedings{efficiency-matters,
  author =       {Anderson, Eric and Tucek, Joseph},
  title =        {{Efficiency Matters!}},
  booktitle =    HotStorage,
  year =         2009
}
